@misc{mmendes-poti-n2,
	author	= "Marcelo Mendes",
	title	= "{C}urso de {Á}lgebra -- {N}ível 2",
	organization	= "Polos Olímpicos de Treinamento"}

@misc{knuthwebsite,
    author    = "Donald Knuth",
    title     = "Knuth: Computers and Typesetting",
    url       = "http://www-cs-faculty.stanford.edu/\~{}uno/abcde.html"
}
