@misc{ GeometricTransformations-AMustata,
       author = "Anca Mustata",
       title = "Geometric Transformations: Reflections, Homotheties (Dilations), Rotations and Spiral Similarity, Translations"}

@misc{Transformations-VKrakovna,
	title = "Transformations, Ceva and Menelaus Theorems, and
harmonic points",
	author = "Viktoriya Krakovna",
	month = "January",
	year = 2010,
	howpublished = "Canada Winter Training"
}

@misc{Homotetia-Regis,
	title = "Homotetia e outros temas relacionados",
	author = "Régis",
	year = 2018,
	howpublished = "Semana Olímpica da OBM"
}

@misc{Homotetia-DLopes,
	title = "Ampliando Horizontes Geométricos e Encolhendo Problemas: Homotetias e Composição de Homotetias",
	author = "Davi Lopes",
	year = 2018,
	howpublished = "Semana Olímpica da OBM"
}

@book{EGMO-EChan,
   title =     {Euclidean Geometry in Mathematical Olympiads},
   author =    {Evan Chen},
   publisher = {Mathematical Association of America},
   isbn =      {0883858398,9780883858394},
   year =      {2016},
   series =    {{MAA} Problem},
   %edition =   {},
   %volume =    {},
   %url =       {http://gen.lib.rus.ec/book/index.php?md5=EFA0944F9B96365B5B066D25278A4275}
}

