@misc{PartitionsofIntegers-JLaurendi,
	author = {Joseph Laurendi},
	title = {Partitions of Integers},
	year = {2005},
	month = {January}
}

@misc{ Particoes-CShine,
	title = {Problemas de Partições nos Inteiros},
	author = {Carlos Shine},
	year = 2020,
	month = {August},
	howpublished = {Treinamento IMO}
}

@misc{ Particoes-GLucas,
	title = {Introdução à teoria das partições de inteiros},
	author = {George Lucas},
	year = 2020,
	month = {January},
	howpublished = {Semana Olímpica da OBM}
}

@misc{ NT-DSantos,
	title = {Number Theory for Mathematical Contests},
	author = {David A. Santos},
	url = {https://www.fmf.uni-lj.si/~lavric/Santos%20-%20Number%20Theory%20for%20Mathematical%20Contests.pdf},
	year = 2005,
	month = {August}}

@misc{Combinatorics3-YZhao,
	title = {Combinatorics, Week 3},
	author = {Yufei Zhao},
	year = 2007,
	month = {August},
	url = {http://yufeizhao.com/olympiad/comb3.pdf},
	howpublished = {AwesomeMath}
}
